<record><leader>00000cas a2200000 a 4500</leader><controlfield tag="001">18119113</controlfield><controlfield tag="008">880622d1915195upr wr ne      0    0spa d</controlfield><datafield ind1=" " ind2=" " tag="010"><subfield code="a">sn 90070267 </subfield></datafield><datafield ind1=" " ind2=" " tag="040"><subfield code="a">PMU</subfield><subfield code="b">eng</subfield><subfield code="c">PMU</subfield><subfield code="d">PNN</subfield><subfield code="d">OCL</subfield><subfield code="d">OCLCQ</subfield></datafield><datafield ind1=" " ind2=" " tag="042"><subfield code="a">msc</subfield></datafield><datafield ind1=" " ind2=" " tag="043"><subfield code="a">nwpr---</subfield></datafield><datafield ind1=" " ind2=" " tag="090"><subfield code="a">PN4949.S35</subfield><subfield code="b">D5</subfield></datafield><datafield ind1="0" ind2="3" tag="245"><subfield code="a">El diluvio.</subfield></datafield><datafield ind1=" " ind2=" " tag="260"><subfield code="a">San Juan, P.R. :</subfield><subfield code="b">El Diluvio</subfield></datafield><datafield ind1=" " ind2=" " tag="300"><subfield code="a">v.</subfield></datafield><datafield ind1=" " ind2=" " tag="310"><subfield code="a">Weekly</subfield></datafield><datafield ind1="0" ind2=" " tag="362"><subfield code="a">An&#771;o 1, no. 1 (nov. 6, 1915)-</subfield></datafield><datafield ind1=" " ind2=" " tag="500"><subfield code="a">"Semanario que hace el bu&#769;-y el respeto con mengua-ensen&#771;a a todos la lengua-y trata a todos de tu&#769;"</subfield></datafield><datafield ind1=" " ind2=" " tag="500"><subfield code="a">"Resumen de la vida boricua, en broma y en serio."</subfield></datafield><datafield ind1=" " ind2=" " tag="515"><subfield code="a">Suspended with Nov. 22, 1919 issue; resumed with April 4, 1927 issue.</subfield></datafield><datafield ind1=" " ind2=" " tag="752"><subfield code="a">United States</subfield><subfield code="b">Puerto Rico</subfield><subfield code="d">San Juan.</subfield></datafield><datafield ind1="1" ind2=" " tag="029"><subfield code="a">AU@</subfield><subfield code="b">000025881533</subfield></datafield></record>